<record xmlns="http://www.loc.gov/MARC21/slim">
   <leader>01844cam a2200349 a 4500</leader>
   <controlfield tag="001">1338625</controlfield>
   <controlfield tag="008">901126s1985    wau      b        0 eng  </controlfield>
   <datafield ind1=" " ind2=" " tag="035">
      <subfield code="a">ocm27139595</subfield>
   </datafield>
   <datafield ind1=" " ind2=" " tag="040">
      <subfield code="b">eng</subfield>
   </datafield>
   <datafield ind1=" " ind2=" " tag="043">
      <subfield code="a">n-us-ak</subfield>
   </datafield>
   <datafield ind1=" " ind2=" " tag="049">
      <subfield code="a">AEU</subfield>
      <subfield code="b">eng</subfield>
   </datafield>
   <datafield ind1=" " ind2="3" tag="055">
      <subfield code="a">E 78 A3</subfield>
      <subfield code="b">A669 1985</subfield>
   </datafield>
   <datafield ind1="0" ind2=" " tag="090">
      <subfield code="a">E 78 A3 A669 1985</subfield>
   </datafield>
   <datafield ind1="0" ind2="0" tag="245">
      <subfield code="a">Archaeology of Heceta Island :</subfield>
      <subfield code="b">a survey of 16 timber harvest units in the Tongass national Forest, southeastern Alaska /</subfield>
      <subfield code="c">by Robert E. Ackerman ... [et al.].</subfield>
   </datafield>
   <datafield ind1=" " ind2=" " tag="260">
      <subfield code="a">Pullman :</subfield>
      <subfield code="b">Center for Northwest Anthropology, Washington State University,</subfield>
      <subfield code="c">1985.</subfield>
   </datafield>
   <datafield ind1=" " ind2=" " tag="300">
      <subfield code="a">viii, 178 p. :</subfield>
      <subfield code="b">ill., maps ;</subfield>
      <subfield code="c">28 cm.</subfield>
   </datafield>
   <datafield ind1=" " ind2=" " tag="336">
      <subfield code="a">text</subfield>
      <subfield code="b">txt</subfield>
      <subfield code="2">rdacontent</subfield>
   </datafield>
   <datafield ind1=" " ind2=" " tag="337">
      <subfield code="a">unmediated</subfield>
      <subfield code="b">n</subfield>
      <subfield code="2">rdamedia</subfield>
   </datafield>
   <datafield ind1=" " ind2=" " tag="338">
      <subfield code="a">volume</subfield>
      <subfield code="b">nc</subfield>
      <subfield code="2">rdacarrier</subfield>
   </datafield>
   <datafield ind1="1" ind2=" " tag="490">
      <subfield code="a">Project report (Washington State University. Center for Northwest Anthropology)</subfield>
      <subfield code="v">no. 3</subfield>
   </datafield>
   <datafield ind1=" " ind2=" " tag="504">
      <subfield code="a">Bibliography: p. 167-178.</subfield>
   </datafield>
   <datafield ind1=" " ind2=" " tag="520">
      <subfield code="a">Results of an archaeological survey on Heceta Island to determine if archaeological sites were to be impacted by timber cutting on 16 timber harvest units in the Tongass National Forest.</subfield>
   </datafield>
   <datafield ind1=" " ind2=" " tag="596">
      <subfield code="a">43 48</subfield>
   </datafield>
   <datafield ind1=" " ind2="0" tag="650">
      <subfield code="a">Excavations (Archaeology)</subfield>
      <subfield code="z">Alaska</subfield>
      <subfield code="z">Heceta Island.</subfield>
   </datafield>
   <datafield ind1=" " ind2="0" tag="650">
      <subfield code="a">Indians of North America</subfield>
      <subfield code="z">Alaska</subfield>
      <subfield code="z">Heceta Island</subfield>
      <subfield code="x">Antiquities.</subfield>
   </datafield>
   <datafield ind1=" " ind2="0" tag="651">
      <subfield code="a">Heceta Island (Alaska)</subfield>
      <subfield code="x">Antiquities.</subfield>
   </datafield>
   <datafield ind1=" " ind2="0" tag="651">
      <subfield code="a">Tongass National Forest (Alaska)</subfield>
      <subfield code="x">Antiquities.</subfield>
   </datafield>
   <datafield ind1="1" ind2=" " tag="700">
      <subfield code="a">Ackerman, Robert E.</subfield>
   </datafield>
   <datafield ind1="0" ind2=" " tag="740">
      <subfield code="a">Survey of 16 timber harvest units in the Tongass National Forest, Southeastern Alaska.</subfield>
   </datafield>
   <datafield ind1=" " ind2="0" tag="830">
      <subfield code="a">Project report (Washington State University. Center for Northwest Anthropology) ;</subfield>
      <subfield code="v">no. 3.</subfield>
   </datafield>
   <datafield ind1=" " ind2=" " tag="926">
      <subfield code="a">E 78 A3 A669 1985</subfield>
      <subfield code="w">LC</subfield>
      <subfield code="c">2</subfield>
      <subfield code="i">0162002363115</subfield>
      <subfield code="d">8/31/2016</subfield>
      <subfield code="e">8/10/2016</subfield>
      <subfield code="l">POLAR</subfield>
      <subfield code="m">UASCITECH</subfield>
      <subfield code="n">8</subfield>
      <subfield code="p">$150.00</subfield>
      <subfield code="r">Y</subfield>
      <subfield code="s">Y</subfield>
      <subfield code="t">BOOK</subfield>
      <subfield code="u">1/13/1995</subfield>
   </datafield>
   <datafield ind1=" " ind2=" " tag="926">
      <subfield code="a">E 78 A3 A669 1985</subfield>
      <subfield code="w">LC</subfield>
      <subfield code="c">1</subfield>
      <subfield code="i">000035032077</subfield>
      <subfield code="d">3/23/2007</subfield>
      <subfield code="e">3/23/2007</subfield>
      <subfield code="l">ON_SHELF</subfield>
      <subfield code="m">UAHSS</subfield>
      <subfield code="n">2</subfield>
      <subfield code="p">$150.00</subfield>
      <subfield code="r">Y</subfield>
      <subfield code="s">Y</subfield>
      <subfield code="t">BOOK</subfield>
      <subfield code="u">11/28/1990</subfield>
   </datafield>
</record>
